@article{jones2001taxonomy,
	Author = {Jones, Donald R},
	Journal = {Journal of global optimization},
	Number = {4},
	Pages = {345--383},
	Publisher = {Springer},
	Title = {A taxonomy of global optimization methods based on response surfaces},
	Volume = {21},
	Year = {2001}}